@online{integer,
author = "Wikipedia",
title = "Integer (computer science): Common integral data types",
url  = "https://en.wikipedia.org/wiki/Integer_(computer_science)",
addendum = "(accessed: 27.08.2021)",
keywords = "integer,size"
}